<record><leader>00000cas a22000007a 4500</leader><controlfield tag="001">38526403</controlfield><controlfield tag="008">980227d19141914caudn ne      0    0eng d</controlfield><datafield ind1=" " ind2=" " tag="010"><subfield code="a">sn 97060899 </subfield></datafield><datafield ind1=" " ind2=" " tag="040"><subfield code="a">CNK</subfield><subfield code="b">eng</subfield><subfield code="c">CNK</subfield><subfield code="d">OCL</subfield><subfield code="d">CNK</subfield><subfield code="d">OCLCQ</subfield><subfield code="d">OCLCF</subfield><subfield code="d">OCLCO</subfield></datafield><datafield ind1=" " ind2=" " tag="042"><subfield code="a">msc</subfield></datafield><datafield ind1=" " ind2=" " tag="043"><subfield code="a">n-us-ca</subfield></datafield><datafield ind1="0" ind2="0" tag="245"><subfield code="a">Daily independent and the Corona independent.</subfield></datafield><datafield ind1=" " ind2=" " tag="260"><subfield code="a">Corona, Calif. :</subfield><subfield code="b">Geo. M. Blair</subfield></datafield><datafield ind1=" " ind2=" " tag="300"><subfield code="a">v.</subfield></datafield><datafield ind1=" " ind2=" " tag="310"><subfield code="a">Daily (except Sun.)</subfield></datafield><datafield ind1="0" ind2=" " tag="362"><subfield code="a">Vol. 10, no. 6 (Feb. 2, 1914)-v. 10 no. 20 (June 11, 1914) = v. 2, no. 27-v. 3, no. 35.</subfield></datafield><datafield ind1=" " ind2="0" tag="651"><subfield code="a">Corona (Calif.)</subfield><subfield code="v">Newspapers.</subfield></datafield><datafield ind1=" " ind2="7" tag="655"><subfield code="a">Newspapers.</subfield><subfield code="2">fast</subfield><subfield code="0">(OCoLC)fst01423814</subfield></datafield><datafield ind1=" " ind2="7" tag="651"><subfield code="a">California</subfield><subfield code="z">Corona.</subfield><subfield code="2">fast</subfield><subfield code="0">(OCoLC)fst01216950</subfield></datafield><datafield ind1=" " ind2=" " tag="752"><subfield code="a">United States</subfield><subfield code="b">California</subfield><subfield code="c">Riverside</subfield><subfield code="d">Corona.</subfield></datafield><datafield ind1="0" ind2="4" tag="780"><subfield code="a">Daily independent (Corona, Calif.)</subfield><subfield code="w">(DLC)sn 92070111</subfield></datafield><datafield ind1="0" ind2="4" tag="780"><subfield code="a">Corona independent (Corona, Calif. : 1906)</subfield><subfield code="w">(DLC)sn 92070110</subfield></datafield><datafield ind1="0" ind2="0" tag="785"><subfield code="a">Corona daily independent (Corona, Calif. : 1914)</subfield><subfield code="w">(DLC)sn 92070112</subfield></datafield></record>